@article{Tamas,
author = {Tam\'as Kis},
title = {On the complexity of the car sequencing problem},
journal = {Operations Research Letters},
year = {2004},
volume = {32},
pages = {331-335},
}
@article{Lin,
author={Lin,Long},
journal={2010 IEEE 17Th International Conference on Industrial Engineering and
Engineering Management}, 
title={A hybrid greedy algorithm for the car sequencing problem}, 
year={2010},
pages={719-722},
}
@article{ESP,
author = {Bautista-Valhondo, Joaqu\'in and Chica, Manuel and Moya, Ignacio},
year = {2016},
month = {10},
journal = {},
title = {Car Sequencing Problem con flotas de veh\'iculos especiales. Presentaci\'on},
}
@article{Parrello,
  title={Job-shop scheduling using automated reasoning: A case study of the car-sequencing problem},
  author={Bruce D. Parrello and Waldo C. Kabat},
  journal={Journal of Automated Reasoning},
  year={1986},
  volume={2},
  pages={1-42}
}
@article{Solnon01,
author = {Solnon, Christine},
year = {2001},
month = {04},
pages = {},
title = {Solving Permutation Constraint Satisfaction Problems with Artificial Ants},
volume = {2000}
}
@article{Gent99,
author="Gent, Ian P.
and Walsh, Toby",
title="CSPlib: A Benchmark Library for Constraints",
year="1999",
publisher="Springer Berlin Heidelberg",
pages="480--481",
}
@article{Warwick,
author = {Warwick, Terry and Tsang, Edward},
year = {1995},
pages = {267-298},
title = {Tackling Car Sequencing Problems Using a Generic Genetic Algorithm},
volume = {3},
journal = {Evolutionary Computation - EC},
}
@article{Fli,
author = {Fliedner, Malte and Boysen, Nils},
year = {2008},
pages = {1023-1042},
title = {Solving the car sequencing problem via Branch \& Bound},
volume = {191},
number = {3},
journal = {European Journal of Operational Research},
}
@article{Puchta02,
author = {Puchta, M. and Gottlieb, J.},
year = {2002},
month = {01},
pages = {132-142},
title = {Solving car sequencing problems by local optimization},
volume = {2279},
journal = {Proceedings of the Applications of Evolutionary Computing on EvoWorkshops 2002}
}
@article{Dincbas,
author = {Dincbas, Mehmet and Simonis, Helmut and Van Hentenryck, Pascal},
year = {1988},
month = {08},
pages = {290-295},
title = {Solving the Car Sequencing Problem in Constraint Logic Programming},
journal = {Proceedings of the European Conference on Artificial Intelligence}
}
@article{Hindi,
author = {Khalil S. Hindi and Grzegorz Ploszajski},
title = {Formulation and solution of a selection and sequencing problem in car manufacture},
journal = {Computers \& Industrial Engineering},
volume = {26},
number = {1},
pages = {203-211},
year = {1994},
}
@article{Puchta03,
author = {Gottlieb, Jens and Puchta, Markus and Solnon, Christine},
year = {2003},
month = {06},
title = {A Study of Greedy, Local Search and Ant Colony Optimization Approaches for Car Sequencing Problems},
volume = {2611},
journal = {LNCS},
}
@article{Bergen,
author = {Bergen, Michael and van Beek, Peter and Carchrae, Tom},
year = {2001},
month = {06},
pages = {88-99},
title = {Constraint-Based Vehicle Assembly Line Sequencing},
volume = {2056},
}